@article{ComprehensiveComparison,
	author    = "LaTorre, A. and Muelas, S. and Pe침a, J.M.",
	title     = "A comprehensive comparison of large scale global optimizers",
	journal   = "Information Sciences",
	volume   = "316",
	pages    = "517-549",
	year      = "2015",
	number   = "",
}


@article{EvolutionaryBigOpt,
	author    = "Goh, S.K. and Tan, K.C.  and Al-Mamun, A. and Abbass, H.A.",
	title     = "Evolutionary {B}ig {O}ptimization {(BigOpt)} of Signals",
	journal   = "2015 IEEE Congress on Evolutionary Computation, CEC 2015 - Proceedings",
	number   = "7257307",
	pages    = "3332-3339",
    volume   = "",
	year      = "2015"

}

@article{GA-RPO,
	author    = "Wright, A.",
	title     = "{Genetic Algorithms for Real Parameter Optimization}",
	journal   = "Foundations of Genetic Algorithms",
	volume   = "1",
	number   = "",
	pages    = "205-218",
	year      = "1991"
	
}

@article{PSO,
	author    = "Kennedy, J. and Eberhart, R.",
	title     = "{Particle Swarm Optimization}",
	journal   = "Proceedings of ICNN'95 - International Conference on Neural Networks",
	volume   = "",
	number   = "",
	pages    = "1942-1948",
	year      = "1995"
	
}

@article{ACO,
	author    = "Dorigo, M. and Di Caro, G",
	title     = "{Ant Algorithms for Discrete Optimization}",
	journal   = "Artificial Life",
	volume   = "5",
	number   = "2",
	pages    = "137-172",
	year      = "1999"
	
}


@article{MAGA-BigOpt,
	author    = "Zhang, Y. and Zhou, M. and Jiang, Z. and Liu, J.",
	title     = "A Multi-agent {Genetic Algorithm for Big Optimization Problems}",
	journal   = "2015 IEEE Congress on Evolutionary Computation, CEC 2015 - Proceedings",
	number   = "7256959",
	pages    = "703-707",
	volume   = "",
	year      = "2015"
}

@article{MAGA,
	author    = "Zhong, W. and Liu, J. and Xue, M. and Jiao, L.",
	title     = "{A Multiagent Genetic Algorithm for Global Numerical Optimization}",
	journal   = "IEEE Transactions on Systems, Man and Cybernetics, Part B: Cybernetics",
	number   = "2",
	pages    = "1128-1141",
	volume   = "34",
	year      = "2004"
}

@conference{ELSGOI,
	author    = "Omidvar, M. N.  and Li, X.",
	title     = "Evolutionary {Large-Scale Global Optimization - An Introduction}",
	booktitle = "GECCO '17 Proceedings of the Genetic and Evolutionary Computation Conference Companion",
	pages    = "807-827",
	volume   = "",
	year      = "2017"
}


@article{ICA-EGG,
	author    = "Goh, S.K. and Abbass, H.A. and Tan, K.C. and Al Mammun, A.",
	title     = "{Artifact Removal from EEG Using a Multi-objective Independent Component Analysis Model}",
	journal   = "Neural Information Processing",
	volume   = "",
	number   = "",
	pages    = "570-577",
	year      = "2014"
}

@article{EEG-AirTraffic,
	author    = "Abbass, H.A. and Tang, J. and Amin, R. and Ellejmi, M. and Kirby, S.",
	title     = "{Augmented Cognition using Real-time EEG-based Adaptive Strategies for Air Traffic Control}",
	journal   = "Proceedings of the Human Factors and Ergonomics Society Annual Meeting. SAGE",
	volume   = "8836",
	number   = "",
	pages    = "",
	year      = "2014"
}

@article{EEG-Eye,
	author    = "Vig치rio, R.",
	title     = "{Extraction of ocular artefacts from EEG using independent component analysis}",
	journal   = "Electroencephalography and Clinical Neurophysiology",
	volume   = "103",
	number   = "3",
	pages    = "395-404",
	year      = "1997"
}

@article{ICA-Calibrate,
	author    = "Abbass, H.A",
	title     = "{Calibrating Independent Component Analysis with Laplacian Reference for Real-Time EEG Artifact Removal}",
	journal   = "Neural Information Processing",
	volume   = "",
	number   = "",
	pages    = "68-75",
	year      = "2014"
}

@article{MOS2010,
	author    = "LaTorre, A. and Muelas, S. and Pe침a, J.-M.",
	title     = "A {MOS}-based dynamic memetic differential evolution algorithm for continuous optimization: a scalability test",
	journal   = "Soft Computing",
	volume   = "15",
	number   = "11",
	pages    = "2187-2199",
	year      = "2010"
}

@article{TaxonomyEAs,
	author    = "Talbi, E.G.",
	title     = "{A Taxonomy of Hybrid Metaheuristics}",
	journal   = "Journal of Heuristics",
	volume   = "8",
	number   = "5",
	pages    = "541-564",
	year      = "2002"
}

@article{MOS2013,
	author    = "LaTorre, A. and Muelas, S. and Pe침a, J.M.",
	title     = "Large {Scale Global Optimization: Experimental Results with MOS-based Hybrid Algorithms}",
	journal = "2013 IEEE Congress on Evolutionary Computation, CEC 2013",
	volume   = "",
	number   = "6557901",
	pages    = "2742-2149",
	year      = "2013"
}


@article{MTS-LSGO,
	author    = "Tseng, L.-Y. and Chen, C.",
	title     = "Multiple {Trajectory Search for Large Scale Global Optimization}",
	journal = "Proceedings of the 10th IEEE congress on evolutionary computation, CEC 2008 (IEEE World Congress on Computational Intelligence)",
	volume   = "",
	number   = "4631210",
	pages    = "3052-3059",
	year      = "2008"
}

@article{SHADEILS,
	author    = "Molina, D. and LaTorre, A. and Herrera, F.",
 	title     = "{SHADE with Iterative Local Search for Large-Scale Global Optimization}",
	journal = "2018 World Congress on Computational Intelligence (WCCI-2018), 2018 IEEE Conference on Evolutionary Computation (IEEE CEC'2018)",
	volume   = "",
	number   = "",
	pages    = "1252-1259",
	year      = "2018"
}

@article{IHDELS,
	author    = "Molina, D. and Herrera, F.",
	title     = "{Iterative hybridization of DE with local search for the CEC'2015 special session on large scale global optimization}",
	journal = "2015 IEEE Congress on Evolutionary Computation, CEC 2015 - Proceedings",
	volume   = "",
	number   = "7257127",
	pages    = "1974-1978",
	year      = "2015"
}

@article{ML-SHADE-SPA,
	author    = "Hadi, A.A. and Mohamed, A.W. and Jambi, K.M.",
	title     = "{LSHADE-SPA Memetic Framework for Solving Large Scale Problems}",
	journal = "2018 World Congress on Computational Intelligence (WCCI-2018), 2018 IEEE Conference on Evolutionary Computation (IEEE CEC'2018)",
	volume   = "",
	number   = "",
	pages    = "",
	year      = "2018"
}

@article{LSHADE,
	author    = "Tanabe, R. and Fukunaga, A.S.",
	title     = "{Improving the search performance of SHADE using linear population size reduction}",
	journal = "Proceedings of the 2014 IEEE Congress on Evolutionary Computation, CEC 2014",
	volume   = "",
	number   = "6900380",
	pages    = "1658-1665",
	year      = "2014"
}

@article{JADE,
	author    = "Zhang, J. and Sanderson, A.C.",
	title     = "{JADE: Adaptive differential evolution with optional external archive}",
	journal = "IEEE Transactions on Evolutionary Computation",
	volume   = "13",
	number   = "5",
	pages    = "945-958",
	year      = "2009"
}


@article{LSHADESPA,
	author    = "Mohamed, A.W. and Hadi, A.A. and Fattouh, A.M. and Jambi, K.M",
	title     = "{LSHADE with Semi-Parameter Adaptation Hybrid with CMA-ES for Solving CEC 2017 Benchmark Problems}",
	journal = "2017 IEEE Congress on Evolutionary Computation, CEC 2017 - Proceedings",
	volume   = "",
	number   = "7969307",
	pages    = "145-152",
	year      = "2017"
}


@article{ANDE,
	author    = "Mohamed, A.W. and Almazyad, A.S.",
	title     = "{Differential Evolution with Novel Mutation and Adaptive Crossover Strategies for Solving Large Scale Global Optimization Problems}",
	journal = "Applied Computational Intelligence and Soft Computing",
	volume   = "",
	number   = "7974218",
	pages    = "",
	year      = "2017"
}


@article{EADE,
	author    = "Mohamed, A.W.",
	title     = "{Solving large-scale global optimization problems using enhanced adaptive differential evolution algorithm}",
	journal = "Complex Intell. Syst.",
	volume   = "3",
	number   = "4",
	pages    = "205-231",
	year      = "2017"
}

@article{LBFGSB,
	author    = "Morales, J.L. and Nocedal, J.",
	title     = "{Remark on algorithm 778: L-BFGS-B: Fortran subroutines for large-scale bound constrained optimization}",
	journal = "ACM Transactions on Mathematical Software",
	volume   = "38",
	number   = "1",
	year      = "2011"
}

@article{SaDE,
	author    = "Brest, J. and Greiner, S. and Boskovic, B. and Mernik, M. and Zumer, V.",
	title     = "{Self-Adapting Control Parameters in Differential Evolution: a Comparative Study on Numerical Benchmark Problems}",
	journal = "IEEE Transactions on Evolutionary Computation",
	volume   = "10",
	number   = "6",
	pages    = "646-657",
	year      = "2006"
}

@article{GODE,
	author    = " Wang,H. and Wu, Z. and Rahnamayan, S. and Kang, L.",
	title     = "{A Scalability Test for Accelerated DE Using Generalized Opposition-Based Learning}",
	journal = "ISDA 2009 - 9th International Conference on Intelligent Systems Design and Applications",
	volume   = "",
	number   = "5364196",
	pages    = "1090-1095",
	year      = "2009"
}

@article{SHADE,
	author    = "Tanabe, R. and Fukunaga, A.",
	title     = "{Success-history based parameter adaptation for Differential Evolution}",
	journal = "2013 IEEE Congress on Evolutionary Computation, CEC 2013",
	volume   = "",
	number   = "6557555",
	pages    = "71-78",
	year      = "2013"
}

@article{QEEG,
	author    = "de Madeiros Kanda, P.A. and Anghinah, R. and Taino Smidth, M. and Silva, J.M.",
	title = "{The clinical use of quantitative EEG in cognitive disorders}",
	journal = "Dementia and Neuropsychologia",
	volume   = "3",
	number   = "3",
	pages    = "195-203",
	year      = "2009"
}

@article{MOEA/D,
	author = "Zhang, Q. and Li, H.",
	title = "{MOEA/D: A Multiobjective Evolutionary Algorithm Based on Decomposition}",
	journal = "IEEE Transactions on Evolutionary Computation",
	volume   = "11",
	number   = "6",
	pages    = "712-731",
	year      = "2007"
}

@article{NSGA-II,
	author = "Deb, K. and Pratap, A. and Agarwal, S. and Meyarivan, T.",
	title = "{A Fast and Elitist Multiobjective Genetic Algorithm: NSGA-II}",
	journal = "IEEE Transactions on Evolutionary Computation",
	volume   = "6",
	number   = "2",
	pages    = "182-197",
	year      = "2002"
}


@article{GaDE,
	author = "Yang, Z. and  Tang, K. and  Yao, X.",
	title = "{Scalability of generalized adaptive differential evolution for large-scale continuous optimization}",
	journal = "Soft Computing",
	volume   = "15",
	number   = "11",
	pages    = "2141-2155",
	year      = "2011"
}

@article{SolisWets,
	author = "Solis, F.J. and Wets, R.J.B",
	title = "{Minimization by Random Search Techniques}",
	journal = "Mathematics of Operations Research",
	volume   = "",
	number   = "",
	pages    = "",
	year      = "1981"
}

@article{CC-CMAES,
	author = "Liu, J. and Tang, K.",
	title = "{Scaling Up Covariance Matrix Adaptation Evolution Strategy Using Cooperative Coevolution}",
	journal = "Lecture Notes in Computer Science (including subseries Lecture Notes in Artificial Intelligence and Lecture Notes in Bioinformatics)",
	volume   = "",
	number   = "8206",
	pages    = "350-357",
	year      = "2013"
}

@article{DE,
	author="Storn, R. and Price, V.",
	title = "{Differential evolution-a simple and efficient heuristic for global optimization over continuous spaces}",
	journal = "Journal of Global Optimization",
	volume   = "11",
	number   = "4",
	pages    = "341-359",
	year = "1997",
}

@article{CCoevo,
	author="Potter, M.A. and De Jong, K.A",
	title = "{A cooperative coevolutionary approach to function optimization}",
	journal = "Proc. Int. Conf. Parallel Problem Solving from Nature",
	volume   = "2",
	number   = "",
	pages    = "249-257",
	year = "1994",
}


@article{DG,
	author = "Omidvar, M.N. and Li, X. and Mei, Y. and Yao, X.",
	title = "{Cooperative Co-Evolution With Differential Grouping for Large Scale Optimization}",
	journal = "IEEE Transactions on Evolutionary Computation",
	volume   = "18",
	number   = "3",
	pages    = "378-393",
	year      = "2014"
}

@article{GDG,
	author = "Yi, M. and Xiaodong, L. and  Xin, Y. and Omidvar, M.N.",
	title = "{A competitive divide-and-conquer algorithm for unconstrained large-scale black-box optimization}",
	journal = "ACM Transactions on Mathematical Software",
	volume   = "42",
	number   = "2",
	pages    = "",
	year      = "2016"
}

@article{XDG,
	author = "Sun, Y. and Kirley, M. and Halgamuge, S.K.",
	title = "{Extended differential grouping for large scale global optimization with direct and indirect variable interactions}",
	journal = "GECCO 2015 - Proceedings of the 2015 Genetic and Evolutionary Computation Conference",
	volume   = "",
	number   = "",
	pages    = "313-320",
	year      = "2015"
}

@article{DG2,
	author = "Omidvar, M.N. and Yang, M. and Mei, Y and Li, X. and Yao, X.",
	title = "{DG2: A Faster and More Accurate Differential Grouping for Large-Scale Black-Box Optimization}",
	journal = "IEEE Transactions on Evolutionary Computation",
	volume   = "21",
	number   = "6",
	pages    = "929-942",
	year      = "2017"
}

@article{BCI,
	author = "Shih, J.J. and Krusienski, D.J. and Wolpaw, J.R.",
	title = "{Brain-Computer Interfaces in Medicine}",
	journal = "Mayo Clinic Proceedings",
	volume = "87",
	number = "3",
	pages = "268-279",
	year = "2012"
}

@article{CEC2013,
	author = "Li, X. and Tang, K. and Omidvar, M.N. and Yang, Z. and Qin, K.",
	title = "{Benchmark Functions for the CEC'2013 Special Session and Competition on Large-Scale Global Optimization}",
	journal = "IEEE CEC 2013",
	year = "2013, Updated 2018",
}

@misc{SHADEILS-Conf,
	author    = "Molina, D. and LaTorre, A. and Herrera, F.",
	title     = "{SHADE with Iterative Local Search for Large-Scale Global Optimization}",
	note = "\url{http://www.tflsgo.org/special_sessions/cec2018.html#benchmark-competition}" 
}

@misc{WCCI-SHADEILS,
	author = "Molina, D. and LaTorre, A.",
	title = "{Special Session and Competition on Large-Scale Global Optimization}",
	month = "June",
	year = "2018",
	note = "\url{http://www.tflsgo.org/special_sessions/cec2018.html#benchmark-competition}"
}

@misc{SLURM,
	author = "Universit칠 de Namur",
	title = "{Slurm Quick Start Tutorial}",
	month = "July",
	year = "2018",
	note = "\url{https://support.ceci-hpc.be/doc/_contents/QuickStart/SubmittingJobs/SlurmTutorial.html}"
}

@misc{EEG,
	author = "A.D.A.M., Inc.",
	title = "{What is an EEG?}",
	month = "April",
	year = "2018",
	note = "\url{https://medlineplus.gov/ency/article/003931.htm}"
}

@misc{EEG2,
	author = "Saceda Corralo, D.",
	title = "{Electroencefalograma (EEG)}",
	month = "March",
	year = "2018",
	note = "\url{https://www.webconsultas.com/pruebas-medicas/electroencefalograma-eeg-12529}"
}


@misc{CompetitionBigOpt,
	author = "Goh, S.K. and Abbass, H.A. and Tan, K.C.",
	title = "{IEEE Congress on Evolutionary Computation - Optimization of Big Data 2015 Competition}",
	month = "March",
	year = "2018",
	note = "\url{http://www.husseinabbass.net/BigOpt.html}"
}

@misc{IEEE-CEC2015,
	author = "IEEE",
	title = "{IEEE Congress on Evolutionary Computation 2015, Sendai, Japan}",
	month = "April",
	year = "2018",
	note = "\url{http://sites.ieee.org/cec2015/}"
}


@misc{SCOPUS,
	title = "{Elsevier's Scopus Database}",
	month = "February",
	year = "2018",
	note = "\url{https://www.scopus.com/home.uri}"
}

@misc{HERCULES,
	title = "{Hercules Cluster - UGR}",
	month = "July",
	year = "2018",
	note = "\url{http://citic.ugr.es/pages/informacion_general/equipamiento/cluster}"
}

@misc{IEEECEC,
	title = "{IEEE: Congress on Evolutionary Computation}",
	month = "August",
	year = "2018",
	note = "\url{https://ieeexplore.ieee.org/servlet/opac?punumber=1000284}"
}


@misc{CEC-LSGO,
	title = "{CEC: Congress on Evolutionary Computation Special Session / Competition}",
	month = "August",
	year = "2018",
	note = "\url{http://www.ntu.edu.sg/home/epnsugan/index_files/cec-benchmarking.htm}"
}


@misc{CEC15-Res-LSGO,
	title = "{ 2015 IEEE Congress on Evolutionary Computation Competition on: Large Scale Global Optimization}",
	month = "August",
	year = "2018",
	author = "Li, X. and Tang, K. and Yang, Z. and Molina, D.", 
	note = "\url{http://titan.csit.rmit.edu.au/~e46507/lsgo-competition-cec15/}"
}

@misc{MOS-Algorithms,
	title = "{C칩digo fuente de las propuestas del estudio: A comprehensive comparison of large scale global optimizers}",
	year = "2018",
	author = "Molina, D.", 
	note = "\url{https://www.dropbox.com/sh/1rz9l51dd6zhzd6/AACHO6zeAPi9YiYU1VLafa-La?dl=0}"
}

@mastersthesis{MOS-Framework,
	author    = "LaTorre, A.",
	title     = "{A framework for hybrid dynamica evolutionary algorithms: Multiple Offspring Sampling}",
	school    = "Universidad Polit칠cnica de Madrid",
	type     = "Ph.D. thesis",
	year      = "2009",
	month    = "Noviembre",
}

@misc{GALib,
	title = "{A C++ Library of Genetic Algorithm Components}",
	year = "1999",
	author = "Wall, M.",
	school = "Massachusetts Institute of Technology (MIT)",  
	note = "\url{http://lancet.mit.edu/ga/}"
}

@misc{DG2-Algorithm,
	title = "{C칩digo fuente de la propuesta DG2}",
	year = "2018",
	author = "Omidvar, M.N.", 
	note = "\url{https://bitbucket.org/mno/differential-grouping2/src/f2192aab33f2?at=master}"
}


@misc{PyIP,
	title = "{Herramienta recomendada para instalar paquetes Python}",
	year = "2018",
	author = "Python Software Foundation", 
	note = "\url{https://pypi.org/project/pip/}"
}

@misc{Cython,
	title = "{Lenguaje de creaci칩n de extensiones de C para Python}",
	year = "2018",
	author = "Python Software Foundation", 
	note = "\url{https://pypi.org/project/Cython/}"
}




